%% LaTeX2e file `jobname.bib'
%% generated by the `filecontents' environment
%% from source `main' on 2022/05/24.
%%
  @article{1,
  title = {How to make Davies' Theorem visible},
  author = {Cs\"{o}rniey, Marianna},
%  location = {The City},
%  publisher = {Publisher},
  date = {2001},
 }
  @article{2,
 title = {On the visibility of invisible sets},
 author = {Cs\"{o}rniey, Marianna},
 %  location = {The City},
 %  publisher = {Publisher},
 date = {2000},
}
