
	@article{1,
		title = {How to make Davies' Theorem visible},
		author = {Cs\"{o}rnyei, Marianna},
		year = {2001},
	}
	@article{2,
		title = {On the visibility of invisible sets},
		author = {Cs\"{o}rnyei, Marianna},
		year = {2000},
	}	
	@book{3,
	title = {On the visibility of invisible sets},
	author = {Cs\"{o}rnyei, Marianna},
	year = {2000},	
	}
